<?xml version="1.0" encoding="UTF-8"?><collection xmlns="http://www.loc.gov/MARC21/slim"><record><leader>00516nam--2200181-i-4500</leader><controlfield tag="001">000048419</controlfield><controlfield tag="002">20161230</controlfield><controlfield tag="005">20161230201047</controlfield><controlfield tag="008">060222s1000------------r-----000-0-rus-d</controlfield><datafield ind1=" " ind2=" " tag="040"><subfield code="a">IFIN-HH</subfield></datafield><datafield ind1=" " ind2=" " tag="041"><subfield code="a">rus</subfield></datafield><datafield ind1=" " ind2=" " tag="080"><subfield code="a">537.222.22</subfield></datafield><datafield ind1="1" ind2=" " tag="100"><subfield code="a">Avakiant,G.M</subfield></datafield><datafield ind1="1" ind2="0" tag="245"><subfield code="a">Fenomenologicheskaia teoria poluprovodnikov</subfield><subfield code="b">(nekotorye issledovania)</subfield><subfield code="c">G.m. avakiant</subfield></datafield><datafield ind1=" " ind2=" " tag="260"><subfield code="a">Tkashkent</subfield><subfield code="b">Izdatelstvo Akademii Nauk Uzbeskoi Ssr</subfield><subfield code="c">1960</subfield></datafield><datafield ind1=" " ind2=" " tag="300"><subfield code="a">347 P</subfield></datafield><datafield ind1=" " ind2=" " tag="852"><subfield code="a">75275</subfield><subfield code="c">537.311.33</subfield></datafield><datafield ind1=" " ind2=" " tag="CAT"><subfield code="a">Sys</subfield><subfield code="c">20110801</subfield><subfield code="h">151439</subfield></datafield></record></collection>